<?xml version="1.0" encoding="UTF-8" ?>
<collection xmlns:xsi="http://www.w3.org/2001/XMLSchema-instance"
    xsi:schemaLocation="http://www.loc.gov/MARC21/slim
        http://www.loc.gov/standards/marcxml/schema/MARC21slim.xsd"
    xmlns="http://www.loc.gov/MARC21/slim">
<record>
  <leader>00232cam a2200433 i 4500</leader>
  <controlfield tag="001">b12428061</controlfield>
  <controlfield tag="003">LeBAU</controlfield>
  <controlfield tag="005">20190723</controlfield>
  <controlfield tag="008">970424s1956    ua       b    |0| | ara  </controlfield>
  <datafield tag="035" ind1=" " ind2=" ">
    <subfield code="a">ocn784311122</subfield>
  </datafield>
  <datafield tag="040" ind1=" " ind2=" ">
    <subfield code="a">LEAUB</subfield>
    <subfield code="b">ara</subfield>
    <subfield code="e">rda</subfield>
    <subfield code="c">LEAUB</subfield>
    <subfield code="d">LEAUB</subfield>
  </datafield>
  <datafield tag="082" ind1="0" ind2="4">
    <subfield code="a">349.297</subfield>
    <subfield code="2">20</subfield>
  </datafield>
  <datafield tag="100" ind1="1" ind2=" ">
    <subfield code="6">880-01</subfield>
    <subfield code="a">Ibn Taymīyah, Aḥmad ibn ʻAbd al-Ḥalīm,</subfield>
    <subfield code="d">1263-1328.</subfield>
    <subfield code="e">author.</subfield>
    <subfield code="0">https://lccn.loc.gov/n79077267 ,</subfield>
  </datafield>
  <datafield tag="245" ind1="1" ind2="0">
    <subfield code="6">880-02</subfield>
    <subfield code="a">al-Qiyās fī al-sharʻ al-Islāmī wa-ithbāt annahu lam yarid fī al-Islām naṣṣ yukhālif al-qiyās al-ṣaḥīḥ /</subfield>
    <subfield code="c">taʼlīf Shaykh al-Islām Taqī al-Dīn Aḥmad ibn Taymīyah, 661-728 wa-tilmīdhuh al-Imām Shams al-Dīn Muḥammad ibn Abī Bakr ibn Qayyim al-Jawzīyah, 691-751.</subfield>
  </datafield>
  <datafield tag="250" ind1=" " ind2=" ">
    <subfield code="6">880-03</subfield>
    <subfield code="a">al-Ṭabʻah al-thāniyah.</subfield>
  </datafield>
  <datafield tag="264" ind1=" " ind2="1">
    <subfield code="6">880-04</subfield>
    <subfield code="a">al-Qāhirah :</subfield>
    <subfield code="b">al-Maṭbaʻah al-Salafīyah-wa-Maktabatuhā,</subfield>
    <subfield code="c">1375 [H.], [1956? M.]</subfield>
  </datafield>
  <datafield tag="300" ind1=" " ind2=" ">
    <subfield code="6">880-05</subfield>
    <subfield code="a">132 pages ;</subfield>
    <subfield code="c">25 cm</subfield>
  </datafield>
  <datafield tag="336" ind1=" " ind2=" ">
    <subfield code="a">text</subfield>
    <subfield code="b">txt</subfield>
    <subfield code="2">rdacontent</subfield>
  </datafield>
  <datafield tag="337" ind1=" " ind2=" ">
    <subfield code="a">unmediated</subfield>
    <subfield code="b">n</subfield>
    <subfield code="2">rdamedia</subfield>
  </datafield>
  <datafield tag="338" ind1=" " ind2=" ">
    <subfield code="a">volume</subfield>
    <subfield code="b">nc</subfield>
    <subfield code="2">rdacarrier</subfield>
  </datafield>
  <datafield tag="504" ind1=" " ind2=" ">
    <subfield code="a">يتضمن مراجع ببليوغرافية.</subfield>
  </datafield>
  <datafield tag="650" ind1=" " ind2="4">
    <subfield code="a">القياس (الفقه الاسلامي)</subfield>
    <subfield code="v">اعمال قديمة حتى 1800.</subfield>
  </datafield>
  <datafield tag="650" ind1=" " ind2="4">
    <subfield code="a">الفقه الاسلامي</subfield>
    <subfield code="x">تفسير وبنية</subfield>
    <subfield code="v">اعمال قديمة حتى 1800.</subfield>
  </datafield>
  <datafield tag="650" ind1=" " ind2="0">
    <subfield code="a">Qiyās (Islamic law)</subfield>
    <subfield code="v">Early works to 1800.</subfield>
  </datafield>
  <datafield tag="650" ind1=" " ind2="0">
    <subfield code="a">Islamic law</subfield>
    <subfield code="x">Interpretation and construction</subfield>
    <subfield code="v">Early works to 1800.</subfield>
  </datafield>
  <datafield tag="700" ind1="1" ind2=" ">
    <subfield code="6">880-06</subfield>
    <subfield code="a">Ibn Qayyim al-Jawzīyah, Muḥammad ibn Abī Bakr,</subfield>
    <subfield code="d">1292-1350.</subfield>
    <subfield code="e">author.</subfield>
    <subfield code="0">https://lccn.loc.gov/n80138230 ,</subfield>
  </datafield>
  <datafield tag="787" ind1="0" ind2="8">
    <subfield code="6">880-07</subfield>
    <subfield code="i">has manifestation of work</subfield>
    <subfield code="4">http://rdaregistry.info/Elements/w/P10072 :</subfield>
    <subfield code="a">Ibn Taymīyah, Aḥmad ibn ʻAbd al-Ḥalīm, 1263-1328.</subfield>
    <subfield code="t">Qiyās fī al-sharʻ al-Islāmī : yaḥtawī ʻalá risālat al-Qiyās li-ibn Taymīyah wa-fuṣūl fī al-qiyās li-ibn Qayyim al-Jawzīyah.</subfield>
    <subfield code="b">al-Ṭabʻah al-thāniyah.</subfield>
    <subfield code="d">Bayrūt : Dār al-Āfāq al-Jadīdah, 1978</subfield>
    <subfield code="w">(OCoLC)784311127</subfield>
    <subfield code="w">(OCoLC)784311127</subfield>
  </datafield>
  <datafield tag="852" ind1=" " ind2=" ">
    <subfield code="a">Jafet Library</subfield>
    <subfield code="e">American University of Beirut, Bliss Street , Beirut, Lebanon.</subfield>
  </datafield>
  <datafield tag="880" ind1="1" ind2=" ">
    <subfield code="6">100-01/(3/r</subfield>
    <subfield code="a">ابن تيمية، احمد بن عبد الحليم،</subfield>
    <subfield code="d">1263-1328،</subfield>
    <subfield code="0">https://lccn.loc.gov/n79077267 ,</subfield>
    <subfield code="e">مؤلف. </subfield>
    <subfield code="4">aut.</subfield>
  </datafield>
  <datafield tag="880" ind1="1" ind2="3">
    <subfield code="6">245-02/(3/r</subfield>
    <subfield code="a">القياس في الشرع الإسلامي وإثبات أنه لم يرد في الإسلام نص يخالف القياس الصحيح /</subfield>
    <subfield code="c">تأليف شيخ الإسلام تقي الدين أحمد بن تيمية، 661-728 وتلميذه الإمام شمس الدين محمد بن أبي بكر بن قيم الجوزية، 691-751. </subfield>
  </datafield>
  <datafield tag="880" ind1=" " ind2=" ">
    <subfield code="6">250-03/(3/r</subfield>
    <subfield code="a">الطبعة الثانية.</subfield>
  </datafield>
  <datafield tag="880" ind1=" " ind2="1">
    <subfield code="6">264-04/(3/r</subfield>
    <subfield code="a">القاهرة :</subfield>
    <subfield code="b">المطبعة السلفية- ومكتبتها،</subfield>
    <subfield code="c">1375 [هـ.]، [1956؟ م.]</subfield>
  </datafield>
  <datafield tag="880" ind1=" " ind2=" ">
    <subfield code="6">300-05/(3/r</subfield>
    <subfield code="a">132 صفحة ؛</subfield>
    <subfield code="c">25 سم</subfield>
  </datafield>
  <datafield tag="880" ind1="1" ind2=" ">
    <subfield code="6">700-06/(3/r</subfield>
    <subfield code="a">ابن قيم الجوزية، محمد بن ابي بكر،</subfield>
    <subfield code="d">1292-1350،</subfield>
    <subfield code="0">https://lccn.loc.gov/n80138230 ,</subfield>
    <subfield code="e">مؤلف. </subfield>
    <subfield code="4">aut.</subfield>
  </datafield>
  <datafield tag="880" ind1="0" ind2="8">
    <subfield code="6">787-07/(3/r</subfield>
    <subfield code="i">لديه تجسيدة عن عمل</subfield>
    <subfield code="4">http://rdaregistry.info/Elements/w/P10072 :</subfield>
    <subfield code="a">ابن تيمية، احمد بن عبد الحليم، 1263-1328.</subfield>
    <subfield code="t">القياس في الشرع الاسلامي : يحتوي على رسالة القياس لابن تيمية وفصول في القياس لابن قيم الجوزية.</subfield>
    <subfield code="b">الطبعة الثانية.</subfield>
    <subfield code="d">بيروت : دار الآفاق الجديدة، 1978</subfield>
    <subfield code="w">(LEAUB)b12428073</subfield>
    <subfield code="w">(OCoLC)784311127</subfield>
  </datafield>
  <datafield tag="907" ind1=" " ind2=" ">
    <subfield code="a">.b12428061</subfield>
    <subfield code="b">19-08-20</subfield>
    <subfield code="c">11-05-24</subfield>
  </datafield>
  <datafield tag="907" ind1=" " ind2=" ">
    <subfield code="a">.b12428061</subfield>
    <subfield code="b">15-10-15</subfield>
    <subfield code="c">11-05-24</subfield>
  </datafield>
  <datafield tag="945" ind1=" " ind2=" ">
    <subfield code="f">J</subfield>
    <subfield code="a">349.297:I13kA:c.1</subfield>
    <subfield code="i">01017247</subfield>
    <subfield code="j">.i12898430</subfield>
    <subfield code="l">u0503</subfield>
  </datafield>
  <datafield tag="998" ind1=" " ind2=" ">
    <subfield code="a">u05</subfield>
    <subfield code="b">97-04-24</subfield>
    <subfield code="c">m</subfield>
    <subfield code="d">a  </subfield>
    <subfield code="e">-</subfield>
    <subfield code="f">ara</subfield>
    <subfield code="g">ua </subfield>
    <subfield code="h">0</subfield>
    <subfield code="i">1</subfield>
  </datafield>
</record>
</collection>
